@article{engle82,
 author = {Robert F. Engle},
 journal = {Econometrica},
 number = {4},
 pages = {987--1007},
 publisher = {[Wiley, Econometric Society]},
 title = {Autoregressive Conditional Heteroscedasticity with Estimates of the Variance of United Kingdom Inflation},
 volume = {50},
 year = {1982}
}



@article{Fisher12,
author = { Thomas J.   Fisher  and  Colin M.   Gallagher },
title = {New Weighted Portmanteau Statistics for Time Series Goodness of Fit Testing},
journal = {Journal of the American Statistical Association},
volume = {107},
number = {498},
pages = {777-787},
year  = {2012},
publisher = {Taylor & Francis},
doi = {10.1080/01621459.2012.688465}}

@article{boll86,
title = {Generalized autoregressive conditional heteroskedasticity},
journal = {Journal of Econometrics},
volume = {31},
number = {3},
pages = {307-327},
year = {1986},
doi = {https://doi.org/10.1016/0304-4076(86)90063-1},
author = {Tim Bollerslev}
}