@Article{mandelbrot69,
  author={Benoit Mandelbrot},
  title={{The Variation of Certain Speculative Prices}},
  journal={The Journal of Business},
  year=1963,
  volume={36},
  number={},
  pages={394-394}
}
@article{LB78,
    author = {Ljung, G. M. and Box@LB78, G. E. P.},
    title = "{On a measure of lack of fit in time series models}",
    journal = {Biometrika},
    volume = {65},
    number = {2},
    pages = {297-303},
    year = {1978},
    month = {08}
    
}

@article{McLi83,
author = {McLeod, A. I. and Li, W. K.},
title = {Diagnostic checking arma time series models using squared-residual autocorrelations},
journal = {Journal of Time Series Analysis},
volume = {4},
number = {4},
pages = {269-273},
year = {1983}
}

@article{engle82,
 author = {Robert F. Engle},
 journal = {Econometrica},
 number = {4},
 pages = {987--1007},
 publisher = {[Wiley, Econometric Society]},
 title = {Autoregressive Conditional Heteroscedasticity with Estimates of the Variance of United Kingdom Inflation},
 volume = {50},
 year = {1982}
}

@article{Ramsey69,
 ISSN = {00359246},
 author = {J. B. Ramsey},
 journal = {Journal of the Royal Statistical Society. Series B (Methodological)},
 number = {2},
 pages = {350--371},
 publisher = {[Royal Statistical Society, Wiley]},
 title = {Tests for Specification Errors in Classical Linear Least-Squares Regression Analysis},
 volume = {31},
 year = {1969}
}

@article{kenan85,
 author = {Daniel MacRae Keenan},
 journal = {Biometrika},
 number = {1},
 pages = {39--44},
 publisher = {Oxford University Press, Biometrika Trust},
 title = {A Tukey Nonadditivity-Type Test for Time Series Nonlinearity},
 volume = {72},
 year = {1985}
}


@article{bds,
author = {W. A.   Broock  and    J. A.   Scheinkman  and    W. D.   Dechert  and    B.   LeBaron },
title = {A test for independence based on the correlation dimension},
journal = {Econometric Reviews},
volume = {15},
number = {3},
pages = {197-235},
year  = {1996},
publisher = {Taylor & Francis}
}

@article{pena02,
author = {Daniel Peña and Julio Rodríguez},
journal = {Journal of the American Statistical Association},
 number = {458},
 pages = {601--610},
 publisher = {American Statistical Association, Taylor & Francis, Ltd.},
 title = {A Powerful Portmanteau Test of Lack of Fit for Time Series},
 volume = {97},
 year = {2002}
}

@article{Pena2006,
title = {The log of the determinant of the autocorrelation matrix for testing goodness of fit in time series},
journal = {Journal of Statistical Planning and Inference},
volume = {136},
number = {8},
pages = {2706-2718},
year = {2006},
author = {Daniel Peña and Julio Rodríguez},
keywords = {ARIMA model, Autocorrelation coefficients, Heteroscedasticity model, Nonlinearity test, Partial autocorrelation}
}
   
