@article{chenTsay91,
 author = {Rong Chen and Ruey S. Tsay},
 journal = {The Annals of Applied Probability},
 number = {4},
 pages = {613--634},
 publisher = {Institute of Mathematical Statistics},
 title = {On the Ergodicity of Tar(1) Processes},
 volume = {1},
 year = {1991}
}

@InBook{tong78,
author = {Tong, Howell},
editor = {Chen, C},
title = {Pattern Recognition and Signal Processing. NATO ASI Series E: Applied Sc},
chapter = {On a threshold model},
publisher = {Sijthoff & Noordhoff, Netherlands},
year = {1978},
OPTpages = {575-586}

}

@article{tong80,
author = {Tong, Howell and Lim, K. S.},
title = {Threshold Autoregression, Limit Cycles and Cyclical Data},
journal = {Journal of the Royal Statistical Society: Series B (Methodological)},
volume = {42},
number = {3},
pages = {245-268},
doi = {10.1111/j.2517-6161.1980.tb01126.x},
year = {1980}
}

@article{chan90,
author = {K. S. Chan},
title = {{Testing for Threshold Autoregression}},
volume = {18},
journal = {The Annals of Statistics},
number = {4},
publisher = {Institute of Mathematical Statistics},
pages = {1886 -- 1894},
year = {1990},
doi = {10.1214/aos/1176347886}
}

@ARTICLE{hansen97,
title = {Inference in TAR Models},
author = {Hansen, Bruce},
year = {1997},
journal = {Studies in Nonlinear Dynamics & Econometrics},
volume = {2},
number = {1},
pages = {1-16}
}